@book{attapl,
    author = {Pierce, Benjamin C.},
    title = {Advanced Topics in Types and Programming Languages},
    year = {2004},
    isbn = {0262162288},
    publisher = {The MIT Press},
} 

@book{tapl,
 author = {Pierce, Benjamin C.},
 title = {Types and Programming Languages},
 year = {2002},
 isbn = {0262162091, 9780262162098},
 edition = {1st},
 publisher = {The MIT Press},
}

@article{higher,
 author = {Moors, Adriaan and Piessens, Frank and Odersky, Martin},
 title = {Generics of a Higher Kind},
 journal = {SIGPLAN Not.},
 issue_date = {September 2008},
 volume = {43},
 number = {10},
 month = oct,
 year = {2008},
 issn = {0362-1340},
 pages = {423--438},
 numpages = {16},
 url = {http://doi.acm.org/10.1145/1449955.1449798},
 doi = {10.1145/1449955.1449798},
 acmid = {1449798},
 publisher = {ACM},
 address = {New York, NY, USA},
 keywords = {Scala, higher-kinded types, higher-order genericity, type constructor polymorphism},
}

@article{patina,
  title={Patina: A formalization of the Rust programming language},
  author={Reed, Eric},
  year={2015}
} 

@misc{rust-borrowing,
  title = {References and Borrowing},
  howpublished = {\url{https://doc.rust-lang.org/book/references-and-borrowing.html}},
  note = {Accessed: 2016-10-18}
}

@misc{megaparsec,
  title = {megaparsec: Monadic parser combinators},
  howpublished = {\url{https://hackage.haskell.org/package/megaparsec}},
  note = {Accessed: 2016-10-18}
}
